@manual{problem1 ,
title = "VHDL Tutorial",
organization = "Youtube.com",
note = "\url{https://www.youtube.com/watch?v=5d2okyFNjkA&list=PLEdaowO6UzNENeQ2WHyGC6mlmggnnhMD6}",
}
@manual{ problem2,
title = "VHDL Cookbook",
author = "Peter J. Ashenden",
note = "\url{https://www.google.com/url?sa=t&rct=j&q=&esrc=s&source=web&cd=1&ved=2ahUKEwil8tf65LjeAhXIXysKHZS0ByYQFjAAegQIChAC&url=https%3A%2F%2Ftams-www.informatik.uni-hamburg.de%2Fvhdl%2Fdoc%2Fcookbook%2FVHDL-Cookbook.pdf&usg=AOvVaw0Jm2BXk9Pl6d1cIV_OELEY}",
}
@manual{ problem3,
title = "VHDL",
organization = "wikipedia.org",
note = "\url{https://en.wikipedia.org/wiki/VHDL}",
}
